<record><leader>00000cas a2200000 a 4500</leader><controlfield tag="001">27018566</controlfield><controlfield tag="008">921123d19041919iluwr ne      0   a0eng c</controlfield><datafield ind1=" " ind2=" " tag="010"><subfield code="a">sn 92053412 </subfield></datafield><datafield ind1=" " ind2=" " tag="040"><subfield code="a">NVF</subfield><subfield code="b">eng</subfield><subfield code="c">NVF</subfield><subfield code="d">OCLCQ</subfield><subfield code="d">CVF</subfield><subfield code="d">NVF</subfield><subfield code="d">OCLCQ</subfield><subfield code="d">OCLCF</subfield><subfield code="d">NVF</subfield><subfield code="d">OCLCO</subfield></datafield><datafield ind1="1" ind2=" " tag="029"><subfield code="a">AU@</subfield><subfield code="b">000020744136</subfield></datafield><datafield ind1=" " ind2=" " tag="042"><subfield code="a">pcc</subfield></datafield><datafield ind1=" " ind2=" " tag="043"><subfield code="a">n-us-il</subfield></datafield><datafield ind1="0" ind2="0" tag="245"><subfield code="a">Genoa Republican-journal.</subfield></datafield><datafield ind1="3" ind2=" " tag="246"><subfield code="a">Genoa Republican journal</subfield></datafield><datafield ind1=" " ind2=" " tag="260"><subfield code="a">Genoa, Ill. :</subfield><subfield code="b">C.D. Schoonmaker,</subfield><subfield code="c">1904-1919.</subfield></datafield><datafield ind1=" " ind2=" " tag="300"><subfield code="a">v.</subfield></datafield><datafield ind1=" " ind2=" " tag="310"><subfield code="a">Weekly</subfield></datafield><datafield ind1="0" ind2=" " tag="362"><subfield code="a">New ser., vol. 1, no. 1 (Sept. 16, 1904)-v. 14, no. 29 (May 9, 1919).</subfield></datafield><datafield ind1=" " ind2=" " tag="515"><subfield code="a">Issues for Sept. 16, 1904-Feb. 8, 1907 called also vol. 3, no. 20-v. 5, no. 37 and v. 5, no. 14-v. 7, no. 32.</subfield></datafield><datafield ind1=" " ind2=" " tag="580"><subfield code="a">Formed by the union of: Genoa journal (Genoa, Ill.) and: Genoa Republican (Genoa, Ill. : 1902).</subfield></datafield><datafield ind1=" " ind2="0" tag="651"><subfield code="a">Genoa (Ill.)</subfield><subfield code="v">Newspapers.</subfield></datafield><datafield ind1=" " ind2="7" tag="651"><subfield code="a">Illinois</subfield><subfield code="z">Genoa.</subfield><subfield code="2">fast</subfield><subfield code="0">(OCoLC)fst01217644</subfield></datafield><datafield ind1=" " ind2="7" tag="655"><subfield code="a">Newspapers.</subfield><subfield code="2">fast</subfield><subfield code="0">(OCoLC)fst01423814</subfield></datafield><datafield ind1=" " ind2=" " tag="752"><subfield code="a">United States</subfield><subfield code="b">Illinois</subfield><subfield code="c">De Kalb</subfield><subfield code="d">Genoa.</subfield></datafield><datafield ind1="1" ind2="4" tag="780"><subfield code="t">Genoa journal (Genoa, Ill.)</subfield><subfield code="w">(DLC)sn 92053410</subfield><subfield code="w">(OCoLC)27018432</subfield></datafield><datafield ind1="1" ind2="4" tag="780"><subfield code="t">Genoa Republican (Genoa, Ill. : 1902)</subfield><subfield code="w">(DLC)sn 92053411</subfield><subfield code="w">(OCoLC)27018496</subfield></datafield><datafield ind1="0" ind2="0" tag="785"><subfield code="t">Genoa Republican (Genoa, Ill. : 1919)</subfield><subfield code="w">(DLC)sn 92053413</subfield><subfield code="w">(OCoLC)27018673</subfield></datafield></record>